<record><leader>02888cjm a2200493 a 4500</leader><controlfield tag="001">1331608</controlfield><controlfield tag="008">901025s1985    oncsg               eng c</controlfield><datafield ind1="0" ind2="1" tag="028"><subfield code="a">WRC1-4342</subfield><subfield code="b">World Records</subfield></datafield><datafield ind1="0" ind2="1" tag="028"><subfield code="a">4342</subfield><subfield code="b">World Records</subfield></datafield><datafield ind1=" " ind2=" " tag="035"><subfield code="a">ocm70306382</subfield></datafield><datafield ind1=" " ind2=" " tag="040"><subfield code="b">eng</subfield></datafield><datafield ind1=" " ind2=" " tag="049"><subfield code="a">AEU</subfield><subfield code="b">eng</subfield></datafield><datafield ind1=" " ind2="3" tag="055"><subfield code="a">M 1619 G793</subfield><subfield code="b">S798 1985</subfield></datafield><datafield ind1="0" ind2=" " tag="090"><subfield code="a">M 1619 G793 S798 1985</subfield></datafield><datafield ind1="1" ind2=" " tag="100"><subfield code="a">Greer, Albert,</subfield><subfield code="d">1937-</subfield></datafield><datafield ind1="0" ind2="0" tag="245"><subfield code="a">Songs and arias</subfield><subfield code="h">[sound recording] /</subfield><subfield code="c">Albert Greer, tenor.</subfield></datafield><datafield ind1=" " ind2=" " tag="260"><subfield code="a">[Toronto] :</subfield><subfield code="b">World Records,</subfield><subfield code="c">1985.</subfield></datafield><datafield ind1=" " ind2=" " tag="300"><subfield code="a">1 sound disc :</subfield><subfield code="b">digital, 33 1/3 rpm, stereo ;</subfield><subfield code="c">12 in.</subfield></datafield><datafield ind1=" " ind2=" " tag="336"><subfield code="a">performed music</subfield><subfield code="b">prm</subfield><subfield code="2">rdacontent</subfield></datafield><datafield ind1=" " ind2=" " tag="337"><subfield code="a">audio</subfield><subfield code="b">s</subfield><subfield code="2">rdamedia</subfield></datafield><datafield ind1=" " ind2=" " tag="500"><subfield code="a">World Records: WRC1-4342.</subfield></datafield><datafield ind1="0" ind2=" " tag="505"><subfield code="a">Dies Bildnis ist bezaubernd sch&#246;n / W.A. Mozart -- Je croi entendre encore / G. Bizet -- Where e'er you walk ; Would you gain the tender creature / G.F. Handel -- Frohe Hirten, eilt, ach eilet ; Benedictus / J.S. Bach -- Down by the Salley Gardens ; How sweet the answer ; The little old table / B. Britten -- Three Shakespeare songs : 1st set, op. 61 / R. Quilter -- Three songs to words by Walt Whitman / H. Somers -- The Lakes Isle of Innisfree / H. Willan -- The land of dreams / O. Morawetz -- Nana / M. de Falla.</subfield></datafield><datafield ind1="0" ind2=" " tag="511"><subfield code="a">Albert Greer, tenor; George Brough, piano; Christina Mahler, violoncello; Douglas Miller, flute.</subfield></datafield><datafield ind1=" " ind2=" " tag="596"><subfield code="a">43</subfield></datafield><datafield ind1=" " ind2="0" tag="650"><subfield code="a">Oratorios</subfield><subfield code="v">Excerpts, Arranged.</subfield></datafield><datafield ind1=" " ind2="0" tag="650"><subfield code="a">Songs (High voice) with piano.</subfield></datafield><datafield ind1=" " ind2="0" tag="650"><subfield code="a">Operas</subfield><subfield code="v">Excerpts, Arranged.</subfield></datafield><datafield ind1=" " ind2="0" tag="650"><subfield code="a">Songs (High voice) with instrumental ensemble.</subfield></datafield><datafield ind1="1" ind2="2" tag="700"><subfield code="a">Handel, George Frideric,</subfield><subfield code="d">1685-1759.</subfield><subfield code="t">Acis and Galatea.</subfield><subfield code="p">Would you gain the tender creature;</subfield><subfield code="o">arranged.</subfield></datafield><datafield ind1="1" ind2="2" tag="700"><subfield code="a">Bach, Johann Sebastian,</subfield><subfield code="d">1685-1750.</subfield><subfield code="t">Masses,</subfield><subfield code="n">BWV 232,</subfield><subfield code="r">B minor.</subfield><subfield code="p">Benedictus;</subfield><subfield code="o">arranged.</subfield></datafield><datafield ind1="1" ind2="2" tag="700"><subfield code="a">Britten, Benjamin,</subfield><subfield code="d">1913-1976.</subfield><subfield code="t">Songs.</subfield><subfield code="k">Selections.</subfield></datafield><datafield ind1="1" ind2="2" tag="700"><subfield code="a">Morawetz, Oskar,</subfield><subfield code="d">1917-2007.</subfield><subfield code="t">Land of dreams.</subfield></datafield><datafield ind1="1" ind2="2" tag="700"><subfield code="a">Mozart, Wolfgang Amadeus,</subfield><subfield code="d">1756-1791.</subfield><subfield code="t">Zauberfl&#246;te.</subfield><subfield code="p">Dies Bildnis ist bezaubernd sch&#246;n</subfield><subfield code="o">arranged.</subfield></datafield><datafield ind1="1" ind2="2" tag="700"><subfield code="a">Handel, George Frideric,</subfield><subfield code="d">1685-1759.</subfield><subfield code="t">Semele.</subfield><subfield code="p">Where'er you walk</subfield><subfield code="o">arranged.</subfield></datafield><datafield ind1="1" ind2="2" tag="700"><subfield code="a">Bach, Johann Sebastian,</subfield><subfield code="d">1685-1750.</subfield><subfield code="t">Weihnachts-Oratorium.</subfield><subfield code="p">Frohe Hirten, eilt</subfield><subfield code="o">arranged.</subfield></datafield><datafield ind1="1" ind2="2" tag="700"><subfield code="a">Bizet, Georges,</subfield><subfield code="d">1838-1875.</subfield><subfield code="t">P&#234;cheurs de perles.</subfield><subfield code="p">Je crois entendre encore</subfield><subfield code="o">arranged.</subfield></datafield><datafield ind1="1" ind2="2" tag="700"><subfield code="a">Quilter, Roger,</subfield><subfield code="d">1877-1953.</subfield><subfield code="t">Shakespeare songs,</subfield><subfield code="n">op. 6.</subfield></datafield><datafield ind1="1" ind2="2" tag="700"><subfield code="a">Falla, Manuel de,</subfield><subfield code="d">1876-1946.</subfield><subfield code="t">Canciones populares espa&#241;olas.</subfield><subfield code="p">Nana</subfield><subfield code="o">arranged.</subfield></datafield><datafield ind1="1" ind2="2" tag="700"><subfield code="a">Willan, Healey,</subfield><subfield code="d">1880-1968.Lake Isle of Innisfree.</subfield></datafield><datafield ind1="1" ind2="2" tag="700"><subfield code="a">Somers, Harry,</subfield><subfield code="d">1925-1999.</subfield><subfield code="t">Songs to words by Walt Whitman.</subfield></datafield><datafield ind1="1" ind2=" " tag="700"><subfield code="a">Brough, George.</subfield></datafield><datafield ind1="1" ind2=" " tag="700"><subfield code="a">Mahler, Christina.</subfield></datafield><datafield ind1="1" ind2=" " tag="700"><subfield code="a">Miller, Douglas,</subfield><subfield code="c">flutist.</subfield></datafield><datafield ind1=" " ind2=" " tag="926"><subfield code="a">M 1619 G793 S798 1985</subfield><subfield code="w">LC</subfield><subfield code="c">1</subfield><subfield code="i">000034771253</subfield><subfield code="d">7/15/2010</subfield><subfield code="e">7/15/2010</subfield><subfield code="l">MUSIC_LP</subfield><subfield code="m">UAHSS</subfield><subfield code="n">5</subfield><subfield code="p">$150.00</subfield><subfield code="r">Y</subfield><subfield code="s">Y</subfield><subfield code="t">MUSICSOUND</subfield><subfield code="u">10/30/1990</subfield></datafield></record>